@article{smith01,
author = {Smith, John},
title = {On Interesting Ideas},
journal = {The journal of ideas},
year = 2001,
volume = {123},
}

@book{strunk,
   author = "Strunk, Jr., William and E. B. White",
   title = "The Elements of Style",
   publisher = "Pearson Education",
   edition = "4th",
   ISBN = {9780205309023},
   year = 1999
   }